@article{Gardner1970,
  url = {https://doi.org/10.1038/scientificamerican1070-120},
  year = {1970},
  month = {Oct},
  publisher = {Springer Science and Business Media {LLC}},
  volume = {223},
  number = {4},
  pages = {120--123},
  author = {Martin Gardner},
  title = {Mathematical Games},
  journal = {Scientific American}
}

@INPROCEEDINGS{7822080,
  author={Weimer, Christopher W. and Miller, J. O. and Hill, Raymond R.},
  booktitle={2016 Winter Simulation Conference (WSC)}, 
  title={Agent-based modeling: An introduction and primer}, 
  year={2016},
  pages={65-79},
  doi={10.1109/WSC.2016.7822080}}

@online{AnyLogic,
  title = {AnyLogic the official web-site},
  url = {https://www.anylogic.com/}
}